@ARTICLE{dataartisans,
    author = {Robert Metzger and Kostas Tzoumas},
    title = {Kafka and Flink, a practical how-to guide},
    journal = {Data Artisans blog},
    month = {September},
    year = {2015},
    note = {\url{https://data-artisans.com/kafka-flink-a-practical-how-to/}}
}

@ARTICLE{lightlevels,
    author = {National Optical Astronomy Observatory},
    title = {Recommended Light Levels},
    journal = {NOAO educational website},
    month = {December},
    year = {2015},
    note = {\url{https://www.noao.edu/education/QLTkit/ACTIVITY_Documents/Safety/LightLevels_outdoor+indoor.pdf}}
}


@ARTICLE{flink,
    author = {Apache Software Foundation},
    title = {Apache Flink 1.2.0 official homepage},
    journal = {Apache Flink website},
    month = {February},
    year = {2017},
    note = {\url{https://ci.apache.org/projects/flink/flink-docs-release-1.2/}}
}

@ARTICLE{kafka,
    author = {Apache Software Foundation},
    title = {Apache Kafka 10.2 official homepage},
    journal = {Apache Kafka website},
    month = {},
    year = {2017},
    note = {\url{https://kafka.apache.org}}
}

@ARTICLE{elastic,
    author = {Elastic.co},
    title = {Elasticsearch official homepage},
    journal = {Elastic.co},
    month = {March},
    year = {2017},
    note = {\url{https://www.elastic.co/guide/en/elasticsearch/reference/2.4/}}
}

@ARTICLE{ema,
    author = {Wikipedia Foundation},
    title = {Moving average},
    journal = {Wikipedia},
    month = {April},
    year = {2017},
    note = {\url{https://en.wikipedia.org/wiki/Moving_average}}
}

@ARTICLE{emr,
    author = {Amazon Web Services},
    title = {Amazon EMR for developers},
    journal = {AWS documentation},
    month = {April},
    year = {2017},
    note = {\url{http://docs.aws.amazon.com/emr/latest/DeveloperGuide/emr-dg.pdf}}
}

@ARTICLE{kibana,
    author = {Digital Ocean},
    title = {How to use Kibana dashboards and visualization},
    journal = {Digital Ocean tech community},
    month = {March},
    year = {2015},
    note = {\url{https://www.digitalocean.com/community/tutorials/how-to-use-kibana-dashboards-and-visualizations}}
}